% --------------------------------------------------------------------------------------- %
% -------------------------------------- STYLES ----------------------------------------- %
% alpha                                                                                   %
% Sorted alphabetically. Labels are formed from name of author and year of publication.   %
% plain                                                                                   %
% Sorted alphabetically. Labels are numeric.                                              %
% unsrt                                                                                   %
% Like plain, but entries are in order of citation.                                       %
% abbrv                                                                                   %
% Like plain, but more compact labels.                                                    %
% Follow the below examples                                                               %
% --------------------------------------------------------------------------------------- %
% --------------------------------------------------------------------------------------- %
@MISC{Automatizacion_Pruebas,
    author =       {{Automatización de pruebas}},
    title =        {The Python tutorial},
    howpublished = {\url{http://sedici.unlp.edu.ar/bitstream/handle/10915/21787/Documento_completo.pdf?sequence=1}},
    month =        {},
    year =         {2017},
    note =         {Consultado el 15/07/2017},
}

@MISC{Microservices1,
    author =       {{Automatización de pruebas}},
    title =        {The Python tutorial},
    howpublished = {\url{https://arxiv.org/pdf/1606.04036.pdf}},
    month =        {},
    year =         {2017},
    note =         {Consultado el 15/07/2017},
}

@MISC{Microservices2,
    author =       {{Automatización de pruebas}},
    title =        {The Python tutorial},
    howpublished = {\url{https://www.nginx.com/wp-content/uploads/2015/01/Building\_Microservices\_Nginx.pdf}},
    month =        {},
    year =         {2017},
    note =         {Consultado el 15/07/2017},
}

@MISC{Microservices3,
    author =       {{Automatización de pruebas}},
    title =        {The Python tutorial},
    howpublished = {\url{https://www.nginx.com/wp-content/uploads/2015/01/Building\_Microservices\_Nginx.pdf}},
    month =        {},
    year =         {2017},
    note =         {Consultado el 15/07/2017},
}

@MISC{Integracion_Continua,
    author =       {{Automatización de pruebas}},
    title =        {The Python tutorial},
    howpublished = {\url{https://www.martinfowler.com/articles/continuousIntegration.html}},
    month =        {},
    year =         {2017},
    note =         {Consultado el 15/07/2017},
}

@MISC{Pruebas_Automatizadas,
    author =       {{Automatización de pruebas}},
    title =        {The Python tutorial},
    howpublished = {\url{http://sedici.unlp.edu.ar/bitstream/handle/10915/21787/Documento\_completo.pdf?sequence=1}},
    month =        {},
    year =         {2017},
    note =         {Consultado el 15/07/2017},
}

@MISC{MVC,
    author =       {{Apple}},
    title =        {The Python tutorial},
    howpublished = {\url{https://developer.apple.com/library/content/documentation/General/Conceptual/DevPedia-CocoaCore/MVC.html}},
    month =        {},
    year =         {2017},
    note =         {Consultado el 15/07/2017},
}

@MISC{MVC1,
    author =       {{Microsoft}},
    title =        {The Python tutorial},
    howpublished = {\url{https://msdn.microsoft.com/en-us/library/ff649643.aspx}},
    month =        {},
    year =         {2017},
    note =         {Consultado el 15/07/2017},
}

@MISC{MVT,
    author =       {{Django}},
    title =        {The Python tutorial},
    howpublished = {\url{https://docs.djangoproject.com/es/1.11/faq/general/}},
    month =        {},
    year =         {2017},
    note =         {Consultado el 15/07/2017},
}

@MISC{Signals,
    author =       {{Django}},
    title =        {The Python tutorial},
    howpublished = {\url{https://docs.djangoproject.com/en/1.11/topics/signals/}},
    month =        {},
    year =         {2017},
    note =         {Consultado el 15/07/2017},
}

@MISC{Senales,
    author =       {{Tanenbaum}},
    title =        {The Python tutorial},
    howpublished = {\url{http://stst.elia.pub.ro/news/SO/Modern\%20Operating\%20System\%20-\%20Tanenbaum.pdf}},
    month =        {},
    year =         {2017},
    note =         {Consultado el 15/07/2017},
}

@MISC{Mixins,
    author =       {{Tanenbaum}},
    title =        {The Python tutorial},
    howpublished = {\url{http://www.linuxjournal.com/article/4540}},
    month =        {},
    year =         {2017},
    note =         {Consultado el 15/07/2017},
}

@MISC{Mixins2,
    author =       {{Tanenbaum}},
    title =        {The Python tutorial},
    howpublished = {\url{http://www.bracha.org/oopsla90.pdf}},
    month =        {},
    year =         {2017},
    note =         {Consultado el 15/07/2017},
}


% @MISC{Auditoria,
%     author =       {{dsasad sdsasd}},
%     title =        {Auditorías},
%     howpublished = {\url{https://books.google.co.ve/books?id=RJaGOF675hMC&pg=PA191&lpg=PA191&dq=A+systematic+and+independent+examination+to+determine+whether+quality+activities+and+related+results+comply+with+planned+arrangements+and+whether+these+arrangements+are+implemented+effectively+and+are+suitable+to+achieve+objectives.&source=bl&ots=tj5BisqBVz&sig=j4vJtHjwbOQMmDPUTDLqFgcBa0A&hl=es&sa=X&ved=0ahUKEwiNgOqQvfjVAhXJA5oKHbZjCuAQ6AEIUjAG#v=onepage&q&f=false
%     }},
%     month =        {},
%     year =         {2017},
%     note =         {Consultado el 15/07/2017},
% }

@book{weinstein1997total,
  title={Total Quality Safety Management and Auditing},
  author={Weinstein, M.B.},
  isbn={9781566702836},
  lccn={lc97021402},
  url={https://books.google.co.ve/books?id=RJaGOF675hMC},
  year={1997},
  publisher={Taylor \& Francis}
}

@MISC{Agile_manifesto,
    author =       {{Automatización de pruebas}},
    title =        {The Python tutorial},
    howpublished = {\url{http://www-2.dc.uba.ar/materias/isoft2/2008_02/clases/AgileManifesto.pdf}},
    month =        {},
    year =         {2017},
    note =         {Consultado el 15/07/2017},
}

@MISC{Python_tutorial,
    author =       {{Python Software Foundation}},
    title =        {The Python tutorial},
    howpublished = {\url{https://docs.python.org/3/tutorial/index.html}},
    month =        {},
    year =         {2017},
    note =         {Consultado el 15/07/2017},
}

@MISC{RFC1866,
    author =       {{Berners, L.}},
    title =        {Hypertext Markup Language - 2.0},
    howpublished = {\url{https://tools.ietf.org/html/rfc1866}},
    month =        {},
    year =         {1995},
    note =         {Consultado el 15/07/2017},
}

@MISC{javascript,
    author =       {{Mozilla}},
    title =        {Javascript},
    howpublished = {\url{https://developer.mozilla.org/es/docs/Web/JavaScript}},
    month =        {},
    year =         {1995},
    note =         {Consultado el 15/07/2017},
}

@MISC{pytest,
    author =       {{Pytest}},
    title =        {Pytest},
    howpublished = {\url{https://docs.pytest.org/en/latest/}},
    month =        {},
    year =         {2017},
    note =         {Consultado el 17/07/2017},
}

@MISC{JSON,
    author =       {{RFC}},
    title =        {Pytest},
    howpublished = {\url{ https://tools.ietf.org/html/rfc7159}},
    month =        {},
    year =         {1},
    note =         {Consultado el 17/07/2017},
}


@MISC{Git,
    author =       {{Git}},
    title =        {Pytest},
    howpublished = {\url{https://git-scm.com/}},
    month =        {},
    year =         {1},
    note =         {Consultado el 17/07/2017},
}


@ARTICLE{,
  author =       {},
  title =        {{}},
  journal =      {},
  year =         {},
      volume =       {},
      pages =        {},
      number =       {},
      month =        {},
      note =         {},
      key =          {},
      annote =       {},
}

@ARTICLE{Beth1989,
  author =       {Beth, T. and Gollmann, D.},
  title =        {{Algorithm Engineering for Public Key Algorithm}},
  journal =      {IEEE Journal on Selected Areas in Communications},
  year =         {1989},
      volume =       {7},
      pages =        {458--465},
      number =       {4},
      month =        {May},
      note =         {},
      key =          {},
      annote =       {},
}

@inproceedings{,
  author =       {},
  title =        {{}},
  booktitle =  {},
  year =         {},
      editor =       {},
      volume =       {},
      number =       {},
      series =       {},
      pages =        {},
      address =      {},
      month =        {},
      organization = {},
      publisher =    {},
      note =         {},
}

% manuscript in conference proceedings %
@inproceedings{Burton1989,
  author =       {Burton, D. M.},
  title =        {{The Theory of Congruences}},
  booktitle =    {Proceedings of The 22nd Annual ACM Symposium on the Theory of Computation},
  year =         {1989},
      editor =       {Allyn and Bacon},
      volume =       {I},
      number =       {},
      series =       {},
      pages =        {80--85},
      address =      {Boston, USA},
      month =        {May},
      organization = {The Association of Number Theory},
      publisher =    {Springer},
      note =         {},
}

% chapter in book %
@inproceedings{Gilbert2005,
  author =       {Gilbert, J. and Gilbert, L.},
  title =        {{The Integers and Congruence}},
  booktitle =    {Elements of Modern Algebra},
  year =         {2005},
      editor =       {},
      volume =       {},
      number =       {},
      series =       {},
      pages =        {57--117},
      address =      {New York},
      month =        {},
      organization = {},
      publisher =    {Thomson},
      edition =      {6th},
      note =         {Chapter 2},
}

@BOOK{
    author =     {},
    title =      {{}},
    publisher =  {},
    year =       {},
        volume =     {},
        series =     {},
        address =    {},
        edition =    {},
        month =      {},
}

@BOOK{Hejhal1999,
    author =     {Hejhal, D. A. and Friedman, J. and Gutzwiller, M. C. and Odlyzko, A. M.},
    title =      {{Emerging Applications of Number Theory}},
    publisher =  {Springer},
    year =       {1999},
        volume =     {},
        series =     {},
        address =    {New York},
        edition =    {2nd},
        month =      {},
}

@PHDTHESIS{,
    author =     {},
    title =      {{}},
    school =     {},
    year =       {},
        type =       {},
        address =    {},
        series =     {},
        month =      {},
}

@PHDTHESIS{Whitwell2004,
    author =     {Whitwell, G.},
    title =      {{Novel Heuristic and Metaheuristic Approaches to Cutting and Packing}},
    school =     {School of Computer Science and Information Technology},
    year =       {2004},
        type =       {},
        address =    {University of Nottingham},
        series =     {},
        month =      {September},
}

@MISC{,
      author =       {{}},
      title =        {},
      howpublished = {},
      month =        {},
      year =         {},
      note =         {},
}

@MISC{NHSExplained,
      author =       {{NHS Database}},
      title =        {Website},
      howpublished = {http://www.nhs.uk/thenhsexplained/how\_the\_nhs\_works.asp},
      month =        {},
      year =         {Retrieved 08/08/2008},
      note =         {},
}
% ---------------------------------------------------------------------------------------- %
